<record><leader>00000cas a2200000 a 4500</leader><controlfield tag="001">9278209</controlfield><controlfield tag="008">830304d18611937orudr ne      0    0eng c</controlfield><datafield ind1=" " ind2=" " tag="010"><subfield code="a">sn 83025138 </subfield></datafield><datafield ind1=" " ind2=" " tag="040"><subfield code="a">NPV</subfield><subfield code="b">eng</subfield><subfield code="c">NPV</subfield><subfield code="d">NPW</subfield><subfield code="d">NPX</subfield><subfield code="d">NSD</subfield><subfield code="d">NPU</subfield><subfield code="d">DLC</subfield><subfield code="d">NPY</subfield><subfield code="d">OCL</subfield><subfield code="d">DLC</subfield><subfield code="d">NPI</subfield><subfield code="d">SLZ</subfield><subfield code="d">NYS</subfield><subfield code="d">KNP</subfield><subfield code="d">CNK</subfield><subfield code="d">CRL</subfield><subfield code="d">NVF</subfield><subfield code="d">OCN</subfield><subfield code="d">OCL</subfield><subfield code="d">CVF</subfield><subfield code="d">DLC</subfield><subfield code="d">TGN</subfield><subfield code="d">DLC</subfield><subfield code="d">CUI</subfield><subfield code="d">UKMGB</subfield><subfield code="d">ORU</subfield><subfield code="d">OCLCQ</subfield><subfield code="d">ORU</subfield><subfield code="d">OCLCF</subfield><subfield code="d">OCL</subfield><subfield code="d">COO</subfield></datafield><datafield ind1="7" ind2=" " tag="016"><subfield code="a">013918535</subfield><subfield code="2">Uk</subfield></datafield><datafield ind1="1" ind2=" " tag="029"><subfield code="a">AU@</subfield><subfield code="b">000026992298</subfield></datafield><datafield ind1=" " ind2=" " tag="042"><subfield code="a">pcc</subfield></datafield><datafield ind1=" " ind2=" " tag="043"><subfield code="a">n-us-or</subfield></datafield><datafield ind1="0" ind2="0" tag="050"><subfield code="a">Newspaper</subfield></datafield><datafield ind1=" " ind2="4" tag="050"><subfield code="a">AN</subfield></datafield><datafield ind1="0" ind2=" " tag="130"><subfield code="a">Morning Oregonian (Portland, Or. : 1861)</subfield></datafield><datafield ind1="1" ind2="0" tag="245"><subfield code="a">Morning Oregonian.</subfield></datafield><datafield ind1="1" ind2=" " tag="246"><subfield code="i">Sunday issues for Dec. 11, 1892-Feb. 13, 1937 published as:</subfield><subfield code="a">Sunday Oregonian</subfield></datafield><datafield ind1="3" ind2="0" tag="246"><subfield code="a">Daily Oregonian</subfield></datafield><datafield ind1="1" ind2="3" tag="246"><subfield code="a">Daily morning Oregonian</subfield><subfield code="f">1861-1892</subfield></datafield><datafield ind1=" " ind2=" " tag="260"><subfield code="a">Portland, Or. :</subfield><subfield code="b">H.L. Pittock,</subfield><subfield code="c">1861-1937.</subfield></datafield><datafield ind1=" " ind2=" " tag="300"><subfield code="a">76 v.</subfield></datafield><datafield ind1=" " ind2=" " tag="310"><subfield code="a">Daily,</subfield><subfield code="b">Dec. 11, 1892-Feb. 13, 1937</subfield></datafield><datafield ind1=" " ind2=" " tag="321"><subfield code="a">Daily (except Sunday),</subfield><subfield code="b">Feb. 4, 1861-Dec. 10, 1892</subfield></datafield><datafield ind1="0" ind2=" " tag="362"><subfield code="a">Vol. 1, no. 1 (Feb. 4, 1861)-v. 76, no. 23,802 (Feb. 13, 1937).</subfield></datafield><datafield ind1=" " ind2=" " tag="500"><subfield code="a">"Daily" appears in small letters within the title ornament, 1861-1892.</subfield></datafield><datafield ind1=" " ind2=" " tag="530"><subfield code="a">Available on microfilm from the Library of Congress, Photoduplication Service.</subfield></datafield><datafield ind1=" " ind2=" " tag="530"><subfield code="a">Also available online.</subfield></datafield><datafield ind1=" " ind2=" " tag="530"><subfield code="a">Archived issues are available in digital format as part of the Historic Oregon Newspaper online collection.</subfield></datafield><datafield ind1=" " ind2=" " tag="580"><subfield code="a">Other eds.: Weekly Oregonian (Portland, Or. : 1854), 1861-1922, and: Tri-weekly Oregonian, and: Monthly Oregonian, &lt;1895&gt;</subfield></datafield><datafield ind1=" " ind2="0" tag="651"><subfield code="a">Portland (Or.)</subfield><subfield code="v">Newspapers.</subfield></datafield><datafield ind1=" " ind2="0" tag="651"><subfield code="a">Multnomah County (Or.)</subfield><subfield code="v">Newspapers.</subfield></datafield><datafield ind1=" " ind2="7" tag="651"><subfield code="a">Oregon</subfield><subfield code="z">Portland.</subfield><subfield code="2">fast</subfield><subfield code="0">(OCoLC)fst01204325</subfield></datafield><datafield ind1=" " ind2="7" tag="651"><subfield code="a">Oregon</subfield><subfield code="z">Multnomah County.</subfield><subfield code="2">fast</subfield><subfield code="0">(OCoLC)fst01216118</subfield></datafield><datafield ind1=" " ind2="7" tag="655"><subfield code="a">Newspapers.</subfield><subfield code="2">fast</subfield><subfield code="0">(OCoLC)fst01423814</subfield></datafield><datafield ind1=" " ind2=" " tag="752"><subfield code="a">United States</subfield><subfield code="b">Oregon</subfield><subfield code="c">Multnomah</subfield><subfield code="d">Portland.</subfield></datafield><datafield ind1="1" ind2=" " tag="775"><subfield code="t">Weekly Oregonian (Portland, Or. : 1854)</subfield><subfield code="w">(DLC)sn 83045781</subfield><subfield code="w">(OCoLC)9677819</subfield></datafield><datafield ind1="1" ind2=" " tag="775"><subfield code="t">Tri-weekly Oregonian</subfield></datafield><datafield ind1="1" ind2=" " tag="775"><subfield code="t">Monthly Oregonian</subfield><subfield code="w">(DLC)sn 92061440</subfield><subfield code="w">(OCoLC)25181545</subfield></datafield><datafield ind1="0" ind2="8" tag="776"><subfield code="t">Morning Oregonian (Portland, Or. : 1861 : Online)</subfield><subfield code="w">(OCoLC)192107487</subfield></datafield><datafield ind1="0" ind2="0" tag="785"><subfield code="t">Oregonian (Portland, Or. : 1937)</subfield><subfield code="x">8750-1317</subfield><subfield code="w">(DLC)sn 83025139</subfield><subfield code="w">(OCoLC)9278915</subfield></datafield><datafield ind1="4" ind2="1" tag="856"><subfield code="u">http://oregonnews.uoregon.edu/lccn/sn83025138/issues</subfield></datafield><datafield ind1="4" ind2="1" tag="856"><subfield code="u">http://newspaperarchive.com/morning-oregonian</subfield><subfield code="z">NewspaperARCHIVE.com</subfield></datafield><datafield ind1="4" ind2="1" tag="856"><subfield code="u">http://newspaperarchive.com/daily-oregonian</subfield><subfield code="z">NewspaperARCHIVE.com</subfield></datafield></record>